@BOOK{
KILE,
title = {niubi},
publisher = {sbcuy},
year= {2939},
author = {abuiw}
}