%	1,引用标志
@BOOK{book_02,
	title = {the xxxx},
	publisher = {addison},
	year = {2004},
	author = {vbsivusvbjkd},
	series = {svsvwefw},
	address = {scswv},
	edition = {vvdssa}	
	
}

@article{article,
	author = {Chen, Xueli and Zhu, Shuping and Wang, Huiyuan and Bao, Cuiping and Yang, Defu and Zhang, Chi and Lin, Peng and Cheng, Ji-Xin and Zhan, Yonghua and Liang, Jimin and Tian, Jie},
	year = {2019},
	month = {08},
	pages = {1-1},
	title = {Accelerated Stimulated Raman Projection Tomography by Sparse Reconstruction From Sparse-View Data},
	volume = {PP},
	journal = {IEEE Transactions on Biomedical Engineering},
	doi = {10.1109/TBME.2019.2935301}
}